<?xml version='1.0' encoding='UTF-8'?>
<record xmlns="http://www.loc.gov/MARC21/slim">
  <leader>00709cam a22002175  4500</leader>
  <controlfield tag="001">2834535</controlfield>
  <controlfield tag="003">NjP</controlfield>
  <controlfield tag="005">20171019170321.0</controlfield>
  <controlfield tag="008">991201s1954    mr            000 0 ara d</controlfield>
  <datafield tag="024" ind1="7" ind2=" ">
    <subfield code="a">princeton_aco002719</subfield>
    <subfield code="2">local</subfield>
  </datafield>
  <datafield ind1=" " ind2=" " tag="035">
    <subfield code="a">(OCoLC)ocm42906069</subfield>
  </datafield>
  <datafield ind1=" " ind2=" " tag="035">
    <subfield code="9">CNR6947TS</subfield>
  </datafield>
  <datafield ind1=" " ind2=" " tag="040">
    <subfield code="a">PUL</subfield>
    <subfield code="c">PUL</subfield>
  </datafield>
  <datafield ind1="1" ind2=" " tag="100">
    <subfield code="a">Gannūn, ʻAbdullāh,</subfield>
    <subfield code="d">1908-</subfield>
  </datafield>
  <datafield ind1="0" ind2="0" tag="245">
    <subfield code="a">Aḥmad Zarrūq.</subfield>
  </datafield>
  <datafield ind1=" " ind2=" " tag="260">
    <subfield code="a">[Tetua̋n,</subfield>
    <subfield code="c">1954?]</subfield>
  </datafield>
  <datafield ind1=" " ind2=" " tag="300">
    <subfield code="a">47 p.</subfield>
    <subfield code="c">23 cm.</subfield>
  </datafield>
  <datafield ind1="0" ind2=" " tag="490">
    <subfield code="a">Dhikriyāt mashāhīr rijāl al-Maghrib.</subfield>
    <subfield code="v">23</subfield>
  </datafield>
  <datafield ind1=" " ind2=" " tag="546">
    <subfield code="a">Title and text in Arabic.</subfield>
  </datafield>
  <datafield ind1="1" ind2="0" tag="600">
    <subfield code="a">Zarrūq, Aḥmad ibn Aḥmad,</subfield>
    <subfield code="d">-1493.</subfield>
    <subfield code="0">http://id.loc.gov/authorities/names/n79077373</subfield>
  </datafield>
  <datafield ind1=" " ind2=" " tag="945">
    <subfield code="a">F</subfield>
    <subfield code="b">1</subfield>
    <subfield code="c">2269.372.685</subfield>
  </datafield>
  <datafield ind1=" " ind2=" " tag="911">
    <subfield code="a">20000220</subfield>
  </datafield>
  <datafield ind1="0" ind2="0" tag="852">
    <subfield code="0">3146983</subfield>
    <subfield code="b">rcppa</subfield>
    <subfield code="t">1</subfield>
    <subfield code="h">BP80.Z37</subfield>
    <subfield code="i">G366 1954</subfield>
    <subfield code="x">tr fr nec</subfield>
  </datafield>
  <datafield ind1=" " ind2=" " tag="959">
    <subfield code="a">2009-06-30 09:14:38 -0500</subfield>
  </datafield>
</record>
